<record><leader>00000cas a2200000 a 4500</leader><controlfield tag="001">10822816</controlfield><controlfield tag="008">840608d19371969nyudr ne      0   a0eng c</controlfield><datafield ind1=" " ind2=" " tag="010"><subfield code="a">sn 84031297 </subfield></datafield><datafield ind1=" " ind2=" " tag="040"><subfield code="a">NYG</subfield><subfield code="b">eng</subfield><subfield code="c">NYG</subfield><subfield code="d">DLC</subfield><subfield code="d">NYS</subfield><subfield code="d">DLC</subfield><subfield code="d">NYS</subfield><subfield code="d">DLC</subfield><subfield code="d">NYS</subfield><subfield code="d">DLC</subfield><subfield code="d">OCLCQ</subfield><subfield code="d">OCLCO</subfield><subfield code="d">OCLCF</subfield></datafield><datafield ind1="1" ind2=" " tag="029"><subfield code="a">AU@</subfield><subfield code="b">000021635580</subfield></datafield><datafield ind1=" " ind2=" " tag="042"><subfield code="a">pcc</subfield></datafield><datafield ind1=" " ind2=" " tag="043"><subfield code="a">n-us-ny</subfield></datafield><datafield ind1="0" ind2="0" tag="050"><subfield code="a">Newspaper</subfield></datafield><datafield ind1="0" ind2=" " tag="130"><subfield code="a">Knickerbocker news (Albany, N.Y. : 1937)</subfield></datafield><datafield ind1="1" ind2="4" tag="245"><subfield code="a">The Knickerbocker news.</subfield></datafield><datafield ind1="1" ind2="3" tag="246"><subfield code="a">Knickerbocker press, Albany evening news</subfield><subfield code="f">July 1-31, 1937</subfield></datafield><datafield ind1=" " ind2=" " tag="260"><subfield code="a">Albany, N.Y. :</subfield><subfield code="b">[Press Co.],</subfield><subfield code="c">1937-1969.</subfield></datafield><datafield ind1=" " ind2=" " tag="300"><subfield code="a">22 v. :</subfield><subfield code="b">ill. ;</subfield><subfield code="c">58 cm.</subfield></datafield><datafield ind1=" " ind2=" " tag="310"><subfield code="a">Daily (except Sunday)</subfield></datafield><datafield ind1="0" ind2=" " tag="362"><subfield code="a">95th year, no. 178 : 14th year, no. 223 (July 1, 1937)-95th year, no. 216 : 14th year, no. 262 (Aug. 16, 1937) ; v. 1, no. 41 (Aug. 17, 1937)-v. 32, no. 250 (Apr. 26, 1969).</subfield></datafield><datafield ind1=" " ind2=" " tag="500"><subfield code="a">"A Gannett newspaper."</subfield></datafield><datafield ind1=" " ind2=" " tag="500"><subfield code="a">Publishers: Press Co., Inc., 1937- ; Gene Robb, -1969.</subfield></datafield><datafield ind1=" " ind2=" " tag="500"><subfield code="a">Sometimes published as: Knickerbocker press, Albany evening news, July 1-31, 1937.</subfield></datafield><datafield ind1=" " ind2=" " tag="500"><subfield code="a">Editor: -1969, R.G. Fichenberg.</subfield></datafield><datafield ind1=" " ind2=" " tag="515"><subfield code="a">Has vol. numbering of Albany evening news, and Knickerbocker press, July 1-31, 1937.</subfield></datafield><datafield ind1=" " ind2=" " tag="530"><subfield code="a">Also issued on microfilm from Micro Photo Division, Bell and Howell Co., the Library of Congress, Photoduplication Servivce, and University Microfilms International.</subfield></datafield><datafield ind1=" " ind2="0" tag="651"><subfield code="a">Albany (N.Y.)</subfield><subfield code="v">Newspapers.</subfield></datafield><datafield ind1=" " ind2="0" tag="651"><subfield code="a">Albany County (N.Y.)</subfield><subfield code="v">Newspapers.</subfield></datafield><datafield ind1=" " ind2="7" tag="655"><subfield code="a">Newspapers.</subfield><subfield code="2">fast</subfield><subfield code="0">(OCoLC)fst01423814</subfield></datafield><datafield ind1=" " ind2="7" tag="651"><subfield code="a">New York (State)</subfield><subfield code="z">Albany.</subfield><subfield code="2">fast</subfield><subfield code="0">(OCoLC)fst01225716</subfield></datafield><datafield ind1=" " ind2="7" tag="651"><subfield code="a">New York (State)</subfield><subfield code="z">Albany County.</subfield><subfield code="2">fast</subfield><subfield code="0">(OCoLC)fst01210357</subfield></datafield><datafield ind1="1" ind2=" " tag="700"><subfield code="a">Fichenberg, Robert G.</subfield></datafield><datafield ind1=" " ind2=" " tag="752"><subfield code="a">United States</subfield><subfield code="b">New York</subfield><subfield code="c">Albany</subfield><subfield code="d">Albany.</subfield></datafield><datafield ind1="0" ind2="4" tag="780"><subfield code="t">Knickerbocker press</subfield><subfield code="w">(DLC)sn 84031296</subfield></datafield><datafield ind1="0" ind2="4" tag="780"><subfield code="t">Albany evening news (Albany, N.Y. : 1926)</subfield><subfield code="w">(DLC)sn 96083516</subfield><subfield code="w">(OCoLC)34347310</subfield></datafield><datafield ind1="0" ind2="7" tag="785"><subfield code="t">Schenectady union-star</subfield><subfield code="w">(DLC)sn 83031683</subfield></datafield><datafield ind1="0" ind2="7" tag="785"><subfield code="t">Knickerbocker news, Union-star</subfield><subfield code="w">(DLC)sn 84031298</subfield></datafield></record>